<record xmlns="http://www.loc.gov/MARC21/slim" xmlns:xsi="http://www.w3.org/2001/XMLSchema-instance" xsi:schemaLocation="http://www.loc.gov/MARC21/slim http://www.loc.gov/standards/marcxml/schema/MARC21slim.xsd"><leader>00950cz   2200193n  4500</leader><controlfield tag="001">oca03857566 </controlfield><controlfield tag="005">20001103070321.0</controlfield><controlfield tag="008">950613n| acannaabn          |a aaa     c</controlfield><datafield ind1=" " ind2=" " tag="010"><subfield code="a">nr 95021876 </subfield></datafield><datafield ind1=" " ind2=" " tag="040"><subfield code="a">NNC</subfield><subfield code="b">eng</subfield><subfield code="c">NNC</subfield><subfield code="d">OCoLC</subfield></datafield><datafield ind1="1" ind2=" " tag="100"><subfield code="a">Verginius Rufus, L.</subfield><subfield code="q">(Lucius),</subfield><subfield code="d">14-97</subfield></datafield><datafield ind1="1" ind2=" " tag="400"><subfield code="a">Verginius Rufus, Lucius,</subfield><subfield code="d">14-97</subfield></datafield><datafield ind1="1" ind2=" " tag="400"><subfield code="a">Rufus, L. Verginius</subfield><subfield code="q">(Lucius Verginius),</subfield><subfield code="d">14-97</subfield></datafield><datafield ind1="0" ind2=" " tag="400"><subfield code="a">L. Verginius Rufus</subfield><subfield code="q">(Lucius Verginius Rufus),</subfield><subfield code="d">14-97</subfield></datafield><datafield ind1=" " ind2=" " tag="670"><subfield code="a">His Epigrama [CF] 1991:</subfield><subfield code="b">PHI CD ROM #5.3, Latin Canon, bibliographic screen (L. Verginius Rufus)</subfield></datafield><datafield ind1=" " ind2=" " tag="670"><subfield code="a">Oxford class. dict., 1st ed.:</subfield><subfield code="b">p. 782 (Rufus, Lucius Verginius; consul in 63; legate of Upper Germany; refused emperorship numerous times; died ca. 97)</subfield></datafield><datafield ind1=" " ind2=" " tag="670"><subfield code="a">Pauly-Wissowa:</subfield><subfield code="b">2. Reihe, 16. Halbbd., col. 1536-1543; "Verginius", #27 (L. Verginius Rufus; born 14, died 97)</subfield></datafield><datafield ind1=" " ind2=" " tag="670"><subfield code="a">The Fragmentary Latin poets, 1992:</subfield><subfield code="b">p. 364 (L. Verginius Rufus)</subfield></datafield><datafield ind1=" " ind2=" " tag="675"><subfield code="a">NUC pre-56.</subfield></datafield></record>